@online{MenuTutorial,
	OPTkey = 	 {},
	author = "Brackeys",
	title = "START MENU in Unity",
	URL = {https://www.youtube.com/watch?v=zc8ac_qUXQY},
	urldate =      {2017-11-29},
	month = 	 nov,
	year = 	 2017,
	OPTnote = 	 {},
	OPTannote = 	 {}
}

@online{Karting Microgame Unity3D,
	OPTkey = 	 {},
	author = "Brackeys",
	title = "Tutorial-Spiel: Karting Microgame Unity3D",
	URL = {https://github.com/ameru/karting-microgame-unity3D },
	urldate =      {2020-12-16},
	month = 	 dec,
	year = 	 2020,
	OPTnote = 	 {},
	OPTannote = 	 {}
}
	
@online{Unity Photon Tutorial,
OPTkey = 	 {},
author = "Brackeys",
title = "Tutorial-Spiel: Karting Microgame Unity3D",
URL = {https://www.youtube.com/watch?v=93SkbMpWCGo&t=667s },
urldate =      {2021-06-02},
month = 	 jun,
year = 	 2021,
OPTnote = 	 {},
OPTannote = 	 {}

@article{einstein,
	author =       "Albert Einstein",
	title =        "{Zur Elektrodynamik bewegter K{\"o}rper}. ({German})
	[{On} the electrodynamics of moving bodies]",
	journal =      "Annalen der Physik",
	volume =       "322",
	number =       "10",
	pages =        "891--921",
	year =         "1905",
	DOI =          "http://dx.doi.org/10.1002/andp.19053221004",
	keywords =     "physics"
}

@book{Tanenbaum2006,
	author = {Tanenbaum, Andrew S.},
	year = {2006},
	title = {Computerarchitektur - Strukturen, Konzepte, Grundlagen},
	edition = {5. überarbeitete},
	isbn = {978-3-827-37151-5},
	publisher = {Pearson Studium}
}

@Online{tagstore,
	OPTkey = 	 {},
	author = 	 {Karl Voit},
	title = 	 {tagstore --- Project home page},
	URL   =        {http://tagstore.org},
	urldate =      {2011-12-10},
	month = 	 dec,
	year = 	 2011,
	OPTnote = 	 {},
	OPTannote = 	 {}
}


@Proceedings{PIM2009,
	title =        {PIM09 ASIS\&T 2009 Workshop, Vancouver, BC, Canada},
	year = 	 2009,
	OPTeditor = 	 {},
	OPTvolume = 	 {},
	OPTnumber = 	 {},
	OPTseries = 	 {},
	address = 	 {Vancouver, Canada},
	month = 	 nov,
	OPTorganization = {},
	OPTpublisher = {},
	OPTnote = 	 {},
	URL =          {http://pimworkshop.org/2009/index.php?page=acceptedpapers},
	OPTannote = 	 {}
}

@InProceedings{Voit2009,
	crossref =     {PIM2009},
	author = 	 {Karl Voit and Keith Andrews and Wolfgang Slany},
	title = 	 {Why Personal Information Management (PIM) Technologies Are Not Widespread},
	OPTkey = 	 {},
	pages = 	 {60--64},
	OPTeditor = 	 {},
	OPTvolume = 	 {},
	OPTnumber = 	 {},
	OPTseries = 	 {},
	OPTaddress = 	 {},
	OPTorganization = {},
	OPTpublisher = {},
	OPTnote = 	 {},
	URL =          {http://pimworkshop.org/2009/index.php?page=acceptedpapers},
	OPTannote = 	 {}
}

@Proceedings{USAB2011,
	title         = {Proc.\ 7\textsuperscript{th} Conference of the
	Austrian Computer Society Workgroup: Human-Computer
	Interaction (Usab 2011)},
	location      = {Graz, Austria},
	series        = {LNCS},
	volume        = {7058},
	publisher     = {Springer},
	isbn          = {3642253636},
	year          = 2011,
	month         = nov,
	doi           = {10.1007/978-3-642-25364-5_33}
}

@inproceedings{Voit2011,
	crossref      = {USAB2011},
	author        = {Karl Voit and Keith Andrews and Wolfgang Slany},
	title         = {{TagTree}: Storing and Re-finding Files Using Tags},
	pages         = {471--481}
}

@online{KeithThesis,
	author       = {Keith Andrews},
	title        = {Writing a Thesis: Guidelines for Writing a Master's Thesis
	in Computer Science},
	howpublished = {Graz University of Technology, Austria},
	month        = dec,
	year         = 2011,
	url          = {http://ftp.iicm.edu/pub/keith/thesis/}
}

@Book{Bringhurst1993,
	author = 	 {Robert Bringhurst},
	ALTeditor = 	 {},
	title = 	 {The Elements of Typographic Style},
	publisher = 	 {Hartley and Marks Publishers},
	year = 	 1993,
	OPTkey = 	 {},
	OPTvolume = 	 {},
	OPTnumber = 	 {},
	OPTseries = 	 {},
	OPTaddress = 	 {},
	edition = 	 {first edition},
	OPTmonth = 	 {},
	OPTnote = 	 {},
	OPTannote = 	 {}
}

@Book{Eijkhout2008,
	author = 	 {Victor Eijkhout},
	ALTeditor = 	 {},
	title = 	 {\TeX{} by Topic, a \TeX{}nician's Reference},
	publisher = 	 {},
	year = 	 2008,
	OPTkey = 	 {},
	OPTvolume = 	 {},
	OPTnumber = 	 {},
	OPTseries = 	 {},
	OPTaddress = 	 {},
	edition = 	 {document revision 1.2},
	month = 	 may,
	url =          {http://www.eijkhout.net/texbytopic/texbytopic.html},
	OPTnote = 	 {},
	OPTannote = 	 {}
}

@book{StrunkWhite,
	author       = {Strunk, Jr, William and Elwyn Brooks White},
	title        = {The Elements of Style},
	publisher    = {Longman},
	edition      = {Fourth},
	year         = 1999,
	isbn         = {020530902X},
}

@booklet{Strunk,
	author       = {Strunk, Jr, William},
	title        = {The Elements of Style},
	edition      = {First},
	year         = 1918,
	url          = {http://www.bartleby.com/141/},
}

@booklet{NASAGuide,
	author       = {Mary K. McCaskill},
	title        = {Grammar, Punctuation, and Capitalization:
	A Handbook for Technical Writers and Editors},
	howpublished = {NASA Langley Research Center SP-7084},
	day          = 3,
	month        = aug,
	year         = 1998,
	url          = {http://stipo.larc.nasa.gov/sp7084/},
}

@book{Zobel-WritingCompSci,
	author       = {Justin Zobel},
	title        = {Writing for Computer Science},
	edition      = {Second},
	publisher    = {Springer},
	year         = 2004,
	isbn         = {1852338024},
}

@book{BugsInWriting,
	author       = {Lyn Dupré},
	title        = {Bugs in Writing: A Guide to Debugging Your Prose},
	publisher    = {Addison-Wesley},
	edition      = {Second},
	year         = 1998,
	isbn         = {020137921X},
}

@book{Phillips-HowGetPhD,
	author       = {Estelle M. Phillips and Derek S. Pugh},
	title        = {How to Get a PhD},
	edition      = {Fourth},
	publisher    = {Open University Press},
	year         = 2005,
	isbn         = {0335216846},
}

@online{Roget,
	author       = {Roget},
	title        = {Roget's Interactive Thesaurus},
	year         = 2004,
	url          = {http://www.thesaurus.com/},
}

@online{RogetII,
	author       = {Roget},
	title        = {Roget's II: The New Thesaurus},
	edition      = {Third},
	year         = 1995,
	url          = {http://www.bartleby.com/62/},
}


@online{DictionaryCom,
	author       = {dictionary.com},
	title        = {dictionary.com},
	year         = 2004,
	url          = {http://dictionary.com/},
}

@online{DictLeoOrg,
	author       = {Leo},
	title        = {Leo English-German Dictionary},
	year         = 2004,
	url          = {http://dict.leo.org/},
}

@online{DictChemnitz,
	author       = {TU Chemnitz},
	title        = {German-English Dictionary},
	url          = {http://dict.tu-chemnitz.de/},
	date = {2008-01-01},
}

@online{htl_Logo,
	ALTauthor = {author},
	ALTeditor = {editor},
	title = {HTL Bildung mit Zukunft},
	date = {2019-05-20},
	url = {https://www.ove.at/fileadmin/_processed_/4/8/csm_HTL_Logo_4d59367cee.jpg}
}


@book{holz2000,
	author = {Werner Holzwarth, Wolf Erlbruch },
	title = {Vom kleinen Maulwurf, der wissen wollte, wer ihm auf den Kopf gemacht hat},
	date = {2000},
	publisher = {Peter Hammer Verlag},
	location = {Wuppertal},
	isbn = {978-3-87294-407-8},
}

@online{wiki:latex,
	author = {Wikipedia},
	title = {LaTeX},
	date = {2018-01-01},
	url = {https://de.wikipedia.org/wiki/LaTeX}
}
